<record><leader>00000cas a2200000 a 4500</leader><controlfield tag="001">8349644</controlfield><controlfield tag="007">hd afv---baca</controlfield><controlfield tag="008">820419d18241826riuwr nea     0    0eng d</controlfield><datafield ind1=" " ind2=" " tag="010"><subfield code="a">sf 88093340 </subfield></datafield><datafield ind1=" " ind2=" " tag="040"><subfield code="a">MUU</subfield><subfield code="b">eng</subfield><subfield code="c">MUU</subfield><subfield code="d">PES</subfield><subfield code="d">OCL</subfield><subfield code="d">DLC</subfield><subfield code="d">NST</subfield><subfield code="d">FUG</subfield><subfield code="d">OCL</subfield><subfield code="d">OCLCQ</subfield><subfield code="d">OCLCG</subfield><subfield code="d">PAU</subfield><subfield code="d">OCLCF</subfield><subfield code="d">OCLCO</subfield><subfield code="d">OCLCQ</subfield></datafield><datafield ind1=" " ind2=" " tag="012"><subfield code="i">9112</subfield></datafield><datafield ind1=" " ind2=" " tag="019"><subfield code="a">747862</subfield></datafield><datafield ind1=" " ind2=" " tag="042"><subfield code="a">msc</subfield></datafield><datafield ind1=" " ind2=" " tag="043"><subfield code="a">n-us-ri</subfield></datafield><datafield ind1="0" ind2="0" tag="050"><subfield code="a">Microfilm 01104 no.89, 1197 AP</subfield></datafield><datafield ind1="1" ind2="4" tag="050"><subfield code="a">AP2</subfield><subfield code="b">.A21 reel 89</subfield></datafield><datafield ind1="0" ind2="4" tag="082"><subfield code="a">051</subfield><subfield code="b">A51p2</subfield></datafield><datafield ind1="0" ind2="0" tag="245"><subfield code="a">Christian telescope.</subfield></datafield><datafield ind1=" " ind2=" " tag="260"><subfield code="a">Providence, R.I. :</subfield><subfield code="b">Bazillai Cranston,</subfield><subfield code="c">1824-1826.</subfield></datafield><datafield ind1=" " ind2=" " tag="300"><subfield code="a">2 volumes ;</subfield><subfield code="c">28 cm</subfield></datafield><datafield ind1=" " ind2=" " tag="310"><subfield code="a">Weekly</subfield></datafield><datafield ind1=" " ind2=" " tag="336"><subfield code="a">text</subfield><subfield code="b">txt</subfield><subfield code="2">rdacontent</subfield></datafield><datafield ind1=" " ind2=" " tag="337"><subfield code="a">microform</subfield><subfield code="b">h</subfield><subfield code="2">rdamedia</subfield></datafield><datafield ind1=" " ind2=" " tag="338"><subfield code="a">microfilm reel</subfield><subfield code="b">hd</subfield><subfield code="2">rdacarrier</subfield></datafield><datafield ind1="0" ind2=" " tag="362"><subfield code="a">Vol. 1, no. 1 (Aug. 7, 1824)-v. 2, no. [52 (July 29, 1826)].</subfield></datafield><datafield ind1=" " ind2=" " tag="500"><subfield code="a">Many pages have faded print; some pages are stained.</subfield></datafield><datafield ind1=" " ind2=" " tag="500"><subfield code="a">Title from caption.</subfield></datafield><datafield ind1=" " ind2=" " tag="500"><subfield code="a">Editor: David Pickering.</subfield></datafield><datafield ind1=" " ind2=" " tag="533"><subfield code="a">Microfilm.</subfield><subfield code="b">Ann Arbor, Mich. :</subfield><subfield code="c">Xerox University Mirofilms,</subfield><subfield code="d">1949, 1972.</subfield><subfield code="e">2 microfilm reels ; 35 mm.</subfield><subfield code="f">(American periodical series, 1800-1825, American periodical series, 1800-1850 ; 89, 1197).</subfield></datafield><datafield ind1=" " ind2="0" tag="650"><subfield code="a">Unitarianism</subfield><subfield code="v">Newspapers.</subfield></datafield><datafield ind1=" " ind2="0" tag="650"><subfield code="a">Universalism</subfield><subfield code="v">Newspapers.</subfield></datafield><datafield ind1=" " ind2="0" tag="651"><subfield code="a">Providence (R.I.)</subfield><subfield code="v">Newspapers.</subfield></datafield><datafield ind1=" " ind2="0" tag="651"><subfield code="a">Providence County (R.I.)</subfield><subfield code="v">Newspapers.</subfield></datafield><datafield ind1=" " ind2="7" tag="650"><subfield code="a">Unitarianism.</subfield><subfield code="2">fast</subfield><subfield code="0">(OCoLC)fst01161454</subfield></datafield><datafield ind1=" " ind2="7" tag="650"><subfield code="a">Universalism.</subfield><subfield code="2">fast</subfield><subfield code="0">(OCoLC)fst01161574</subfield></datafield><datafield ind1=" " ind2="7" tag="651"><subfield code="a">Rhode Island</subfield><subfield code="z">Providence.</subfield><subfield code="2">fast</subfield><subfield code="0">(OCoLC)fst01204977</subfield></datafield><datafield ind1=" " ind2="7" tag="651"><subfield code="a">Rhode Island</subfield><subfield code="z">Providence County.</subfield><subfield code="2">fast</subfield><subfield code="0">(OCoLC)fst01211868</subfield></datafield><datafield ind1=" " ind2="7" tag="655"><subfield code="a">Newspapers.</subfield><subfield code="2">fast</subfield><subfield code="0">(OCoLC)fst01423814</subfield></datafield><datafield ind1="1" ind2=" " tag="700"><subfield code="a">Pickering, David,</subfield><subfield code="d">1789?-1859.</subfield></datafield><datafield ind1=" " ind2=" " tag="752"><subfield code="a">United States</subfield><subfield code="b">Rhode Island</subfield><subfield code="c">Providence</subfield><subfield code="d">Providence.</subfield></datafield><datafield ind1="1" ind2=" " tag="776"><subfield code="c">Original</subfield><subfield code="w">(DLC)sn 91070526</subfield><subfield code="w">(OCoLC)7050306</subfield></datafield><datafield ind1="0" ind2="0" tag="785"><subfield code="t">Christian telescope and Universalist miscellany</subfield><subfield code="w">(DLC)sf 89090887</subfield><subfield code="w">(OCoLC)9363853</subfield></datafield><datafield ind1=" " ind2="0" tag="830"><subfield code="a">American periodical series, 1800-1850 ;</subfield><subfield code="v">89, 1197.</subfield></datafield><datafield ind1=" " ind2=" " tag="850"><subfield code="a">DLC</subfield><subfield code="a">FU</subfield><subfield code="a">IaAS</subfield><subfield code="a">InLP</subfield></datafield></record>